@ARTICLE{flocchini05gather,
    author = {Paola Flocchini and Nicola Santoro and Peter Widmayer},
    title = {Gathering of asynchronous robots with limited visibility},
    journal = {Theoretical Computer Science},
    year = {2005},
    volume = {337},
    pages = {147--168}
}
@article{flocchini12distrib,
	title={Distributed Computing by oblivious mobile robots},
	author={Flocchini, Paola and Prencipe, Giuseppe and Santoro, Nicola},
	journal={Synthesis Lectures on Distributed Computing Theory},
	volume={3},
	number={2},
	pages={1--185},
	year={2012},
	publisher={Morgan \& Claypool Publishers}
}

@INPROCEEDINGS{agmon04fault-t,
    author = {Noa Agmon and David Peleg},
    title = {Fault-tolerant gathering algorithms for autonomous mobile robots},
    booktitle = {SIAM J. Comput},
    year = {2004},
    pages = {1063--1071}
}

@inproceedings{agatha13distrib,
  title={A distributed algorithm for gathering many fat mobile robots in the plane},
  author={Agathangelou, Chrysovalandis and Georgiou, Chryssis and Mavronicolas, Marios},
  booktitle={Proceedings of the 2013 ACM symposium on Principles of distributed computing},
  pages={250--259},
  year={2013},
  organization={ACM}
}
